@phdthesis{shen,
	title = {Risk-sensitive Markov Decision Processes},
	school = {Fakult√§t IV, TU Berlin},
	author = {Yun, Shen},
	year = {2015},
}

@article{marecki,
author = {Marecki, Janusz and Varakantham, Pradeep},
year = {2010},
month = {01},
pages = {1357-1368},
title = {Risk-sensitive planning in partially observable environments},
volume = {2},
booktitle = {Proceedings of the International Joint Conference on Autonomous Agents and Multiagent Systems, AAMAS}
}

@article{bauerle,
  title={More risk-sensitive Markov decision processes},
  author={B{\"a}uerle, Nicole and Rieder, Ulrich},
  journal={Mathematics of Operations Research},
  volume={39},
  number={1},
  pages={105--120},
  year={2013},
  publisher={INFORMS}
}